% Ideally, you'll get your references from dblp.org

@article{prox_curr,
  author       = {Georgios Tzannetos and
                  B{\'{a}}rbara Gomes Ribeiro and
                  Parameswaran Kamalaruban and
                  Adish Singla},
  title        = {Proximal Curriculum for Reinforcement Learning Agents},
  journal      = {Trans. Mach. Learn. Res.},
  volume       = {2023},
  year         = {2023},
  url          = {https://openreview.net/forum?id=8WUyeeMxMH},
  timestamp    = {Thu, 18 May 2023 14:15:43 +0200},
  biburl       = {https://dblp.org/rec/journals/tmlr/TzannetosRKS23.bib},
  bibsource    = {dblp computer science bibliography, https://dblp.org}
}

@inproceedings{curr,
  author       = {Yoshua Bengio and
                  J{\'{e}}r{\^{o}}me Louradour and
                  Ronan Collobert and
                  Jason Weston},
  editor       = {Andrea Pohoreckyj Danyluk and
                  L{\'{e}}on Bottou and
                  Michael L. Littman},
  title        = {Curriculum learning},
  booktitle    = {Proceedings of the 26th Annual International Conference on Machine
                  Learning, {ICML} 2009, Montreal, Quebec, Canada, June 14-18, 2009},
  series       = {{ACM} International Conference Proceeding Series},
  volume       = {382},
  pages        = {41--48},
  publisher    = {{ACM}},
  year         = {2009},
  url          = {https://doi.org/10.1145/1553374.1553380},
  doi          = {10.1145/1553374.1553380},
  timestamp    = {Wed, 14 Nov 2018 10:58:56 +0100},
  biburl       = {https://dblp.org/rec/conf/icml/BengioLCW09.bib},
  bibsource    = {dblp computer science bibliography, https://dblp.org}
}

@article{human_level_control,
  author       = {Volodymyr Mnih and
                  Koray Kavukcuoglu and
                  David Silver and
                  Andrei A. Rusu and
                  Joel Veness and
                  Marc G. Bellemare and
                  Alex Graves and
                  Martin A. Riedmiller and
                  Andreas Fidjeland and
                  Georg Ostrovski and
                  Stig Petersen and
                  Charles Beattie and
                  Amir Sadik and
                  Ioannis Antonoglou and
                  Helen King and
                  Dharshan Kumaran and
                  Daan Wierstra and
                  Shane Legg and
                  Demis Hassabis},
  title        = {Human-level control through deep reinforcement learning},
  journal      = {Nat.},
  volume       = {518},
  number       = {7540},
  pages        = {529--533},
  year         = {2015},
  url          = {https://doi.org/10.1038/nature14236},
  doi          = {10.1038/NATURE14236},
  timestamp    = {Mon, 08 Jun 2020 22:21:32 +0200},
  biburl       = {https://dblp.org/rec/journals/nature/MnihKSRVBGRFOPB15.bib},
  bibsource    = {dblp computer science bibliography, https://dblp.org}
}

@inproceedings{continuous_control,
  author       = {Timothy P. Lillicrap and
                  Jonathan J. Hunt and
                  Alexander Pritzel and
                  Nicolas Heess and
                  Tom Erez and
                  Yuval Tassa and
                  David Silver and
                  Daan Wierstra},
  editor       = {Yoshua Bengio and
                  Yann LeCun},
  title        = {Continuous control with deep reinforcement learning},
  booktitle    = {4th International Conference on Learning Representations, {ICLR} 2016,
                  San Juan, Puerto Rico, May 2-4, 2016, Conference Track Proceedings},
  year         = {2016},
  url          = {http://arxiv.org/abs/1509.02971},
  timestamp    = {Thu, 25 Jul 2019 14:25:37 +0200},
  biburl       = {https://dblp.org/rec/journals/corr/LillicrapHPHETS15.bib},
  bibsource    = {dblp computer science bibliography, https://dblp.org}
}

@article{rl_go,
  author       = {David Silver and
                  Julian Schrittwieser and
                  Karen Simonyan and
                  Ioannis Antonoglou and
                  Aja Huang and
                  Arthur Guez and
                  Thomas Hubert and
                  Lucas Baker and
                  Matthew Lai and
                  Adrian Bolton and
                  Yutian Chen and
                  Timothy P. Lillicrap and
                  Fan Hui and
                  Laurent Sifre and
                  George van den Driessche and
                  Thore Graepel and
                  Demis Hassabis},
  title        = {Mastering the game of Go without human knowledge},
  journal      = {Nat.},
  volume       = {550},
  number       = {7676},
  pages        = {354--359},
  year         = {2017},
  url          = {https://doi.org/10.1038/nature24270},
  doi          = {10.1038/NATURE24270},
  timestamp    = {Mon, 22 Jul 2024 08:26:52 +0200},
  biburl       = {https://dblp.org/rec/journals/nature/SilverSSAHGHBLB17.bib},
  bibsource    = {dblp computer science bibliography, https://dblp.org}
}

@article{rnd,
  author       = {Yuri Burda and
                  Harrison Edwards and
                  Amos J. Storkey and
                  Oleg Klimov},
  title        = {Exploration by Random Network Distillation},
  journal      = {CoRR},
  volume       = {abs/1810.12894},
  year         = {2018},
  url          = {http://arxiv.org/abs/1810.12894},
  eprinttype    = {arXiv},
  eprint       = {1810.12894},
  timestamp    = {Thu, 08 Nov 2018 10:57:46 +0100},
  biburl       = {https://dblp.org/rec/journals/corr/abs-1810-12894.bib},
  bibsource    = {dblp computer science bibliography, https://dblp.org}
}

@inproceedings{reverse_curr_gen,
  author       = {Carlos Florensa and
                  David Held and
                  Markus Wulfmeier and
                  Michael Zhang and
                  Pieter Abbeel},
  title        = {Reverse Curriculum Generation for Reinforcement Learning},
  booktitle    = {1st Annual Conference on Robot Learning, CoRL 2017, Mountain View,
                  California, USA, November 13-15, 2017, Proceedings},
  series       = {Proceedings of Machine Learning Research},
  volume       = {78},
  pages        = {482--495},
  publisher    = {{PMLR}},
  year         = {2017},
  url          = {http://proceedings.mlr.press/v78/florensa17a.html},
  timestamp    = {Wed, 03 Apr 2019 18:17:24 +0200},
  biburl       = {https://dblp.org/rec/conf/corl/FlorensaHWZA17.bib},
  bibsource    = {dblp computer science bibliography, https://dblp.org}
}

@article{prio_start_states,
  author       = {Arash Tavakoli and
                  Vitaly Levdik and
                  Riashat Islam and
                  Petar Kormushev},
  title        = {Prioritizing Starting States for Reinforcement Learning},
  journal      = {CoRR},
  volume       = {abs/1811.11298},
  year         = {2018},
  url          = {http://arxiv.org/abs/1811.11298},
  eprinttype    = {arXiv},
  eprint       = {1811.11298},
  timestamp    = {Fri, 30 Nov 2018 12:44:28 +0100},
  biburl       = {https://dblp.org/rec/journals/corr/abs-1811-11298.bib},
  bibsource    = {dblp computer science bibliography, https://dblp.org}
}

@inproceedings{prio_exp_replay,
  author       = {Tom Schaul and
                  John Quan and
                  Ioannis Antonoglou and
                  David Silver},
  editor       = {Yoshua Bengio and
                  Yann LeCun},
  title        = {Prioritized Experience Replay},
  booktitle    = {4th International Conference on Learning Representations, {ICLR} 2016,
                  San Juan, Puerto Rico, May 2-4, 2016, Conference Track Proceedings},
  year         = {2016},
  url          = {http://arxiv.org/abs/1511.05952},
  timestamp    = {Thu, 25 Jul 2019 14:25:38 +0200},
  biburl       = {https://dblp.org/rec/journals/corr/SchaulQAS15.bib},
  bibsource    = {dblp computer science bibliography, https://dblp.org}
}

@article{go_explore,
  author       = {Adrien Ecoffet and
                  Joost Huizinga and
                  Joel Lehman and
                  Kenneth O. Stanley and
                  Jeff Clune},
  title        = {Go-Explore: a New Approach for Hard-Exploration Problems},
  journal      = {CoRR},
  volume       = {abs/1901.10995},
  year         = {2019},
  url          = {http://arxiv.org/abs/1901.10995},
  eprinttype    = {arXiv},
  eprint       = {1901.10995},
  timestamp    = {Sun, 03 Feb 2019 14:23:05 +0100},
  biburl       = {https://dblp.org/rec/journals/corr/abs-1901-10995.bib},
  bibsource    = {dblp computer science bibliography, https://dblp.org}
}

@article{montezuma_demonstration,
  author       = {Tim Salimans and
                  Richard Chen},
  title        = {Learning Montezuma's Revenge from a Single Demonstration},
  journal      = {CoRR},
  volume       = {abs/1812.03381},
  year         = {2018},
  url          = {http://arxiv.org/abs/1812.03381},
  eprinttype    = {arXiv},
  eprint       = {1812.03381},
  timestamp    = {Tue, 01 Jan 2019 15:01:25 +0100},
  biburl       = {https://dblp.org/rec/journals/corr/abs-1812-03381.bib},
  bibsource    = {dblp computer science bibliography, https://dblp.org}
}

@inproceedings{overcoming_exploration,
  author       = {Ashvin Nair and
                  Bob McGrew and
                  Marcin Andrychowicz and
                  Wojciech Zaremba and
                  Pieter Abbeel},
  title        = {Overcoming Exploration in Reinforcement Learning with Demonstrations},
  booktitle    = {2018 {IEEE} International Conference on Robotics and Automation, {ICRA}
                  2018, Brisbane, Australia, May 21-25, 2018},
  pages        = {6292--6299},
  publisher    = {{IEEE}},
  year         = {2018},
  url          = {https://doi.org/10.1109/ICRA.2018.8463162},
  doi          = {10.1109/ICRA.2018.8463162},
  timestamp    = {Wed, 16 Oct 2019 14:14:51 +0200},
  biburl       = {https://dblp.org/rec/conf/icra/NairMAZA18.bib},
  bibsource    = {dblp computer science bibliography, https://dblp.org}
}

@article{deepmimic,
  author       = {Xue Bin Peng and
                  Pieter Abbeel and
                  Sergey Levine and
                  Michiel van de Panne},
  title        = {DeepMimic: example-guided deep reinforcement learning of physics-based
                  character skills},
  journal      = {{ACM} Trans. Graph.},
  volume       = {37},
  number       = {4},
  pages        = {143},
  year         = {2018},
  url          = {https://doi.org/10.1145/3197517.3201311},
  doi          = {10.1145/3197517.3201311},
  timestamp    = {Fri, 10 Jun 2022 10:35:17 +0200},
  biburl       = {https://dblp.org/rec/journals/tog/PengALP18.bib},
  bibsource    = {dblp computer science bibliography, https://dblp.org}
}
